@incollection {vonahn,
    AUTHOR = {von Ahn, Luis and Blum, Manuel and Hopper, Nicholas J. and
              Langford, John},
     TITLE = {C{APTCHA}: using hard {AI} problems for security},
 BOOKTITLE = {Advances in cryptology---{EUROCRYPT} 2003},
    SERIES = {Lecture Notes in Comput. Sci.},
    VOLUME = {2656},
     PAGES = {294--311},
 PUBLISHER = {Springer},
   ADDRESS = {Berlin},
      YEAR = {2003},
   MRCLASS = {94A62 (68T99)},
  MRNUMBER = {2090425 (2005e:94222)},
       DOI = {10.1007/3-540-39200-9_18},
       URL = {http://dx.doi.org/10.1007/3-540-39200-9_18},
}

@inproceedings{yan,
 author = {Yan, Jeff and El Ahmad, Ahmad Salah},
 title = {Usability of CAPTCHAs or usability issues in CAPTCHA design},
 booktitle = {Proceedings of the 4th symposium on Usable privacy and security},
 series = {SOUPS '08},
 year = {2008},
 isbn = {978-1-60558-276-4},
 location = {Pittsburgh, Pennsylvania},
 pages = {44--52},
 numpages = {9},
 url = {http://doi.acm.org/10.1145/1408664.1408671},
 doi = {http://doi.acm.org/10.1145/1408664.1408671},
 publisher = {ACM},
 address = {New York, NY, USA},
 keywords = {CAPTCHA, security, usability}
}

@INPROCEEDINGS{benasher, 
author={Ben-Asher, N. and Meyer, J. and Moller, S. and Englert, R.}, 
booktitle={Availability, Reliability and Security, 2009. ARES '09. International Conference on}, title={An Experimental System for Studying the Tradeoff between Usability and Security}, 
year={2009}, 
month=march, 
pages={882 -887}, 
keywords={microworld;statistical property;system security;system usability;security of data;statistical analysis;}, 
doi={10.1109/ARES.2009.174}
}

@article{Malik:2009:RRA:1612760.1612767,
 author = {Malik, Zaki and Bouguettaya, Athman},
 title = {RATEWeb: Reputation Assessment for Trust Establishment among Web services},
 journal = {The VLDB Journal},
 volume = {18},
 issue = {4},
 month = {August},
 year = {2009},
 issn = {1066-8888},
 pages = {885--911},
 numpages = {27},
 url = {http://dx.doi.org/10.1007/s00778-009-0138-1},
 doi = {http://dx.doi.org/10.1007/s00778-009-0138-1},
 acmid = {1612767},
 publisher = {Springer-Verlag New York, Inc.},
 address = {Secaucus, NJ, USA},
 keywords = {Reputation, Trust, Web service}
}

@inproceedings{Tennenholtz:2004:RSA:1036843.1036909,
 author = {Tennenholtz, Moshe},
 title = {Reputation systems: an axiomatic approach},
 booktitle = {Proceedings of the 20th conference on Uncertainty in artificial intelligence},
 series = {UAI '04},
 year = {2004},
 isbn = {0-9749039-0-6},
 location = {Banff, Canada},
 pages = {544--551},
 numpages = {8},
 url = {http://portal.acm.org/citation.cfm?id=1036843.1036909},
 acmid = {1036909},
 publisher = {AUAI Press},
 address = {Arlington, Virginia, United States}
}

@misc{citeulike:1966043,
    author = {Delgado, J.},
    keywords = {recommendation},
    title = {{Memory-Based WeightedMajority Prediction for Recommender Systems}},
    booktitle = {ACM SIGIR '99 Workshop on Recommender Systems: Algorithms and Evaluation},
    year = {1999}
}

@inproceedings{Huynh:2006:CRA:1160633.1160854,
 author = {Huynh, Trung Dong and Jennings, Nicholas R. and Shadbolt, Nigel R.},
 title = {Certified reputation: how an agent can trust a stranger},
 booktitle = {Proceedings of the fifth international joint conference on Autonomous agents and multiagent systems},
 series = {AAMAS '06},
 year = {2006},
 isbn = {1-59593-303-4},
 location = {Hakodate, Japan},
 pages = {1217--1224},
 numpages = {8},
 url = {http://doi.acm.org/10.1145/1160633.1160854},
 doi = {http://doi.acm.org/10.1145/1160633.1160854},
 acmid = {1160854},
 publisher = {ACM},
 address = {New York, NY, USA},
 keywords = {multi-agent systems, reputation, trust},
}

@inproceedings{Park:2005:RTM:1090954.1092057,
 author = {Park, Sungkeun and Liu, Ling and Pu, Calton and Srivatsa, Mudhakar and Zhang, Jianjun},
 title = {Resilient Trust Management for Web Service Integration},
 booktitle = {Proceedings of the IEEE International Conference on Web Services},
 series = {ICWS '05},
 year = {2005},
 isbn = {0-7695-2409-5},
 pages = {499--506},
 numpages = {8},
 url = {http://dx.doi.org/10.1109/ICWS.2005.99},
 doi = {http://dx.doi.org/10.1109/ICWS.2005.99},
 acmid = {1092057},
 publisher = {IEEE Computer Society},
 address = {Washington, DC, USA},
}

@inproceedings{Sonnek:2005:QCR:1253467.1253502,
 author = {Sonnek, J. D. and Weissman, J. B.},
 title = {A Quantitative Comparison of Reputation Systems in the Grid},
 booktitle = {Proceedings of the 6th IEEE/ACM International Workshop on Grid Computing},
 series = {GRID '05},
 year = {2005},
 isbn = {0-7803-9492-5},
 pages = {242--249},
 numpages = {8},
 url = {http://dx.doi.org/10.1109/GRID.2005.1542748},
 doi = {http://dx.doi.org/10.1109/GRID.2005.1542748},
 acmid = {1253502},
 publisher = {IEEE Computer Society},
 address = {Washington, DC, USA},
}

@article{:2004:PSR:998486.998601,
 title = {PeerTrust: Supporting Reputation-Based Trust for Peer-to-Peer Electronic Communities},
 journal = {IEEE Trans. on Knowl. and Data Eng.},
 volume = {16},
 issue = {7},
 month = {July},
 year = {2004},
 issn = {1041-4347},
 pages = {843--857},
 numpages = {15},
 url = {http://portal.acm.org/citation.cfm?id=998486.998601},
 doi = {10.1109/TKDE.2004.1318566},
 acmid = {998601},
 publisher = {IEEE Educational Activities Department},
 address = {Piscataway, NJ, USA},
 keywords = {Peer-to-peer, trust, reputation mechanisms, data management, security.},
}

@INPROCEEDINGS{Whitby04filteringout,
    author = {Andrew Whitby and Audun JÃ¸sang and Jadwiga Indulska},
    title = {Filtering Out Unfair Ratings in Bayesian Reputation Systems},
    booktitle = {},
    year = {2004}
}

@inproceedings{Srivatsa:2005:TCV:1060745.1060808,
 author = {Srivatsa, Mudhakar and Xiong, Li and Liu, Ling},
 title = {TrustGuard: countering vulnerabilities in reputation management for decentralized overlay networks},
 booktitle = {Proceedings of the 14th international conference on World Wide Web},
 series = {WWW '05},
 year = {2005},
 isbn = {1-59593-046-9},
 location = {Chiba, Japan},
 pages = {422--431},
 numpages = {10},
 url = {http://doi.acm.org/10.1145/1060745.1060808},
 doi = {http://doi.acm.org/10.1145/1060745.1060808},
 acmid = {1060808},
 publisher = {ACM},
 address = {New York, NY, USA}
}

@inproceedings{Kluever:2009:BUS:1572532.1572551,
 author = {Kluever, Kurt Alfred and Zanibbi, Richard},
 title = {Balancing usability and security in a video CAPTCHA},
 booktitle = {Proceedings of the 5th Symposium on Usable Privacy and Security},
 series = {SOUPS '09},
 year = {2009},
 isbn = {978-1-60558-736-3},
 location = {Mountain View, California},
 pages = {14:1--14:11},
 articleno = {14},
 numpages = {11},
 url = {http://doi.acm.org/10.1145/1572532.1572551},
 doi = {http://doi.acm.org/10.1145/1572532.1572551},
 acmid = {1572551},
 publisher = {ACM},
 address = {New York, NY, USA},
 keywords = {Completely Automated Public Turing test to tell Computers and Humans Apart (CAPTCHA), human interactive proof (HIP), tagging, video understanding},
}